<?xml version="1.0"?>
<marc:collection xmlns:marc="http://www.loc.gov/MARC21/slim" xmlns:xsi="http://www.w3.org/2001/XMLSchema-instance" xsi:schemaLocation="http://www.loc.gov/MARC21/slim http://www.loc.gov/standards/marcxml/schema/MARC21slim.xsd">
   <marc:record type="Bibliographic">
      <marc:leader>01860cam a2200397Mi 4500</marc:leader>
      <marc:controlfield tag="001">1347533</marc:controlfield>
      <marc:controlfield tag="003">NjP</marc:controlfield>
      <marc:controlfield tag="005">20130415212430.0</marc:controlfield>
      <marc:controlfield tag="008">930312s1946    ua            000 0 ara d</marc:controlfield>
      <marc:datafield tag="024" ind1="7" ind2=" ">
         <marc:subfield code="a">princeton_aco000101</marc:subfield>
         <marc:subfield code="2">local</marc:subfield>
      </marc:datafield>
      <marc:datafield tag="035" ind1=" " ind2=" ">
         <marc:subfield code="a">(OCoLC)ocn177180937</marc:subfield>
      </marc:datafield>
      <marc:datafield tag="035" ind1=" " ind2=" ">
         <marc:subfield code="a">(OCoLC)ocm33995588</marc:subfield>
      </marc:datafield>
      <marc:datafield tag="035" ind1=" " ind2=" ">
         <marc:subfield code="a">(OCoLC)177180937</marc:subfield>
      </marc:datafield>
      <marc:datafield tag="035" ind1=" " ind2=" ">
         <marc:subfield code="9">CDZ0954TS</marc:subfield>
      </marc:datafield>
      <marc:datafield tag="035" ind1=" " ind2=" ">
         <marc:subfield code="a">(NjP)1347533</marc:subfield>
      </marc:datafield>
      <marc:datafield tag="040" ind1=" " ind2=" ">
         <marc:subfield code="a">HLS</marc:subfield>
         <marc:subfield code="c">PUL</marc:subfield>
         <marc:subfield code="d">PUL</marc:subfield>
      </marc:datafield>
      <marc:datafield tag="049" ind1=" " ind2=" ">
         <marc:subfield code="a">PULL</marc:subfield>
      </marc:datafield>
      <marc:datafield tag="079" ind1=" " ind2=" ">
         <marc:subfield code="a">ocm33995588</marc:subfield>
      </marc:datafield>
      <marc:datafield tag="100" ind1="1" ind2=" ">
         <marc:subfield code="6">880-01</marc:subfield>
         <marc:subfield code="a">Jurja&#x304;ni&#x304;, &#x2BB;Abd al-Qa&#x304;hir ibn &#x2BB;Abd al-Rah&#x323;ma&#x304;n,</marc:subfield>
         <marc:subfield code="d">-1078?</marc:subfield>
      </marc:datafield>
      <marc:datafield tag="245" ind1="1" ind2="0">
         <marc:subfield code="6">880-02</marc:subfield>
         <marc:subfield code="a">Dala&#x304;&#x2BC;il al-i&#x2BB;ja&#x304;z fi&#x304; &#x2BB;ilm al-ma&#x2BB;a&#x304;ni&#x304; /</marc:subfield>
         <marc:subfield code="c">ta&#x2BC;li&#x304;f &#x2BB;Abd al-Qa&#x304;hir al-Jurja&#x304;ni&#x304; ;  s&#x323;ah&#x323;h&#x323;ah&#x323;a as&#x323;lahu Muh&#x323;ammad &#x2BB;Abduh wa-waqafa &#x2BB;ala&#x301; tas&#x323;h&#x323;i&#x304;h&#x323; t&#x323;ab&#x2BB;ihi wa-&#x2BB;allaqa h&#x323;awa&#x304;shiyahu Muh&#x323;ammad Rashi&#x304;d Rid&#x323;a&#x304;.</marc:subfield>
      </marc:datafield>
      <marc:datafield tag="250" ind1=" " ind2=" ">
         <marc:subfield code="6">880-03</marc:subfield>
         <marc:subfield code="a">al-T&#x323;ab&#x2BB;ah 3.</marc:subfield>
      </marc:datafield>
      <marc:datafield tag="260" ind1=" " ind2=" ">
         <marc:subfield code="6">880-04</marc:subfield>
         <marc:subfield code="a">Mis&#x323;r :</marc:subfield>
         <marc:subfield code="b">Da&#x304;r al-Mana&#x304;r,</marc:subfield>
         <marc:subfield code="c">1366 [1946 or 1947]</marc:subfield>
      </marc:datafield>
      <marc:datafield tag="300" ind1=" " ind2=" ">
         <marc:subfield code="a">16, 428 p. ;</marc:subfield>
         <marc:subfield code="c">25 cm.</marc:subfield>
      </marc:datafield>
      <marc:datafield tag="504" ind1=" " ind2=" ">
         <marc:subfield code="a">Includes bibliographical references.</marc:subfield>
      </marc:datafield>
      <marc:datafield tag="650" ind1=" " ind2="0">
         <marc:subfield code="a">Arabic language</marc:subfield>
         <marc:subfield code="x">Rhetoric</marc:subfield>
         <marc:subfield code="v">Early works to 1800.</marc:subfield>
      </marc:datafield>
      <marc:datafield tag="700" ind1="0" ind2=" ">
         <marc:subfield code="6">880-05</marc:subfield>
         <marc:subfield code="a">Muh&#x323;ammad &#x2BB;Abduh,</marc:subfield>
         <marc:subfield code="d">1849-1905</marc:subfield>
      </marc:datafield>
      <marc:datafield tag="700" ind1="0" ind2=" ">
         <marc:subfield code="6">880-06</marc:subfield>
         <marc:subfield code="a">Muh&#x323;ammad Rashi&#x304;d Rid&#x323;a&#x304;.</marc:subfield>
      </marc:datafield>
      <marc:datafield tag="880" ind1="1" ind2=" ">
         <marc:subfield code="6">100-01/r</marc:subfield>
         <marc:subfield code="a">&#x62C;&#x631;&#x62C;&#x627;&#x646;&#x64A;&#x60C; &#x639;&#x628;&#x62F; &#x627;&#x644;&#x642;&#x627;&#x647;&#x631; &#x628;&#x646; &#x639;&#x628;&#x62F; &#x627;&#x644;&#x631;&#x62D;&#x645;&#x646;&#x60C;</marc:subfield>
         <marc:subfield code="d">d. 1078&#x61F;</marc:subfield>
      </marc:datafield>
      <marc:datafield tag="880" ind1="1" ind2="0">
         <marc:subfield code="6">245-02/r</marc:subfield>
         <marc:subfield code="a">&#x62F;&#x644;&#x627;&#x626;&#x644; &#x627;&#x644;&#x627;&#x639;&#x62C;&#x627;&#x632; &#x641;&#x64A; &#x639;&#x644;&#x645; &#x627;&#x644;&#x645;&#x639;&#x627;&#x646;&#x64A; /</marc:subfield>
         <marc:subfield code="c">&#x62A;&#x623;&#x644;&#x64A;&#x641; &#x639;&#x628;&#x62F; &#x627;&#x644;&#x642;&#x627;&#x647;&#x631; &#x627;&#x644;&#x62C;&#x631;&#x62C;&#x627;&#x646;&#x64A; &#x61B;  &#x635;&#x62D;&#x62D; &#x627;&#x635;&#x644;&#x647; &#x645;&#x62D;&#x645;&#x62F; &#x639;&#x628;&#x62F;&#x647; &#x648;&#x648;&#x642;&#x641; &#x639;&#x644;&#x649; &#x62A;&#x635;&#x62D;&#x64A;&#x62D; &#x637;&#x628;&#x639;&#x647; &#x648;&#x639;&#x644;&#x642; &#x62D;&#x648;&#x627;&#x634;&#x64A;&#x647; &#x645;&#x62D;&#x645;&#x62F; &#x631;&#x634;&#x64A;&#x62F; &#x631;&#x636;&#x627;.</marc:subfield>
      </marc:datafield>
      <marc:datafield tag="880" ind1=" " ind2=" ">
         <marc:subfield code="6">250-03/r</marc:subfield>
         <marc:subfield code="a">&#x627;&#x644;&#x637;&#x628;&#x639;&#x629; 3.</marc:subfield>
      </marc:datafield>
      <marc:datafield tag="880" ind1=" " ind2=" ">
         <marc:subfield code="6">260-04/r</marc:subfield>
         <marc:subfield code="a">&#x645;&#x635;&#x631; :</marc:subfield>
         <marc:subfield code="b">&#x62F;&#x627;&#x631; &#x627;&#x644;&#x645;&#x646;&#x627;&#x631;&#x60C;</marc:subfield>
         <marc:subfield code="c">1366 [1946 or 1947]</marc:subfield>
      </marc:datafield>
      <marc:datafield tag="880" ind1="0" ind2=" ">
         <marc:subfield code="6">700-05/r</marc:subfield>
         <marc:subfield code="a">&#x645;&#x62D;&#x645;&#x62F; &#x639;&#x628;&#x62F;&#x647;&#x60C;</marc:subfield>
         <marc:subfield code="d">1849-1905</marc:subfield>
      </marc:datafield>
      <marc:datafield tag="880" ind1="0" ind2=" ">
         <marc:subfield code="6">700-06/r</marc:subfield>
         <marc:subfield code="a">&#x645;&#x62D;&#x645;&#x62F; &#x631;&#x634;&#x64A;&#x62F; &#x631;&#x636;&#x627;.</marc:subfield>
      </marc:datafield>
      <marc:datafield tag="852" ind1="0" ind2=" ">
         <marc:subfield code="b">nec</marc:subfield>
         <marc:subfield code="h">PJ6161</marc:subfield>
         <marc:subfield code="i">.J875 1946</marc:subfield>
         <marc:subfield code="p">1547526</marc:subfield>
         <marc:subfield code="x">reclassed from: 2271.50575.328 1946</marc:subfield>
      </marc:datafield>
      <marc:datafield tag="947" ind1=" " ind2=" ">
         <marc:subfield code="a">CDZ0954</marc:subfield>
      </marc:datafield>
      <marc:datafield tag="911" ind1=" " ind2=" ">
         <marc:subfield code="a">20000130</marc:subfield>
      </marc:datafield>
      <marc:datafield tag="994" ind1=" " ind2=" ">
         <marc:subfield code="a">C0</marc:subfield>
         <marc:subfield code="b">PUL</marc:subfield>
      </marc:datafield>
      <marc:datafield tag="999" ind1=" " ind2=" ">
         <marc:subfield code="a">1347533</marc:subfield>
      </marc:datafield>
   </marc:record>
</marc:collection>
